% -*- mode:BibTeX; coding:utf-8; -*-

@mastersthesis{Tenhunen2020buoyancy,
  author = {Juuso Tenhunen},
  title  = {Kelluvuuden mallintaminen videopeleissä},
  year   = {2019},
  school = {Jyväskylän yliopisto},
  url    = {http://urn.fi/URN:NBN:fi:jyu-201912105152}
}
